% Encoding: UTF-8

@Misc{hid-sp18-504-orange,
  author       = {Orange},
  title        = {Data Mining Fruitful and Fun},
  howpublished = {Web Page},
  month        = feb,
  year         = {2018},
  owner        = {Arshad-Moeen},
  url          = {https://orange.biolab.si/},
}

@Misc{hid-sp18-504-wiki-orange,
  author       = {Wikipedia},
  title        = {Orange (software)},
  howpublished = {Web Page},
  month        = feb,
  year         = {2018},
  owner        = {Arshad-Moeen},
  url          = {https://en.wikipedia.org/wiki/Orange_%28software%29},
}

@Misc{hid-sp18-504-predanalytics,
  author       = {Anaytics Vidhya, Content Team},
  title        = {Building Machine Learning Model is fun using Orange},
  howpublished = {Web Page},
  month        = sep,
  year         = {2017},
  owner        = {Arshad-Moeen},
  url          = {https://www.analyticsvidhya.com/blog/2017/09/building-machine-learning-model-fun-using-orange/},
}

@Misc{hid-sp18-504-analyticsvidhya,
  author       = {PredictiveAnalyticsToday},
  title        = {Orange Data Mining},
  howpublished = {Web Page},
  month        = apr,
  year         = {2018},
  owner        = {Arshad-Moeen},
  url          = {https://www.predictiveanalyticstoday.com/orange-data-mining/#content-anchor},
}

@TechReport{hid-sp18-504-journalorange,
  author      = {Demsar, Janez and Curk, Tomaz and Erjavec, Ales and Gorup, Crt and Hocevar, Tomaz and Milutinovic, Mitar and Mozina, Martin and Polajnar, Matija and Toplak, Marko and Stari, Anze and Stajdohar, Miha and Umek, Lan and Zagar, Lan and Zbontar, Jure and Zitnik, Marinka and Zupan, Blaz},
  title       = {Orange Data Mining Toolbox in Python},
  institution = {University of Ljubljana},
  year        = {2013},
  type        = {journal},
  number      = {2349-2353},
  address     = {Trzaska 25, SI-1000 Ljubljana, Slovenia},
  month       = aug,
  url         = {http://www.jmlr.org/papers/volume14/demsar13a/demsar13a.pdf},
}

@Comment{jabref-meta: databaseType:bibtex;}
